<collection xmlns="http://www.loc.gov/MARC21/slim">
<record>
  <leader>01518nam0a2200277 i 450 </leader>
  <controlfield tag="001">IT\ICCU\CNCE\010957</controlfield>
  <controlfield tag="005">20070926000000.0</controlfield>
  <datafield tag="012" ind1=" " ind2=" ">
    <subfield code="a">m*o- imra usit o-na (C) 1576 (R)</subfield>
    <subfield code="2">fei</subfield>
  </datafield>
  <datafield tag="100" ind1=" " ind2=" ">
    <subfield code="a">19970101d1576        0itac0103    ba</subfield>
  </datafield>
  <datafield tag="101" ind1=" " ind2=" ">
    <subfield code="a">LAT</subfield>
  </datafield>
  <datafield tag="102" ind1=" " ind2=" ">
    <subfield code="a">IT</subfield>
  </datafield>
  <datafield tag="200" ind1="1" ind2=" ">
    <subfield code="a">Oratio Octaui Caesarei Bononiensis Ordinis seruorum B.M.V. habita Romae. In aedibus D. Mariae in Via, die 30. Iulij quo die reuerendiss. pater magister Iacobus Tauantius Floremtinus eiusdem Ord. generalis amplissimus, idem monasterium primum inuisit</subfield>
  </datafield>
  <datafield tag="210" ind1=" " ind2=" ">
    <subfield code="a">Perusiae</subfield>
    <subfield code="c">\Andrea Bresciano!</subfield>
    <subfield code="d">1576</subfield>
    <subfield code="e">Perusiae</subfield>
    <subfield code="g">ex officina Andreae Brixiani</subfield>
    <subfield code="h">1576</subfield>
  </datafield>
  <datafield tag="215" ind1=" " ind2=" ">
    <subfield code="a">\8! c.</subfield>
    <subfield code="d">4ʻ</subfield>
  </datafield>
  <datafield tag="620" ind1=" " ind2=" ">
    <subfield code="a">IT</subfield>
    <subfield code="d">Perugia</subfield>
  </datafield>
  <datafield tag="700" ind1=" " ind2="1">
    <subfield code="a">Cesario,</subfield>
    <subfield code="b">Ottavio</subfield>
    <subfield code="3">IT\ICCU\CNCA\002959</subfield>
  </datafield>
  <datafield tag="712" ind1="0" ind2="0">
    <subfield code="a">Bresciano, Andrea</subfield>
    <subfield code="3">IT\ICCU\CNCT\000299</subfield>
    <subfield code="4">650</subfield>
  </datafield>
  <datafield tag="790" ind1=" " ind2="1">
    <subfield code="a">Cesari,</subfield>
    <subfield code="b">Ottavio</subfield>
    <subfield code="3">IT\ICCU\CNCA\013184</subfield>
    <subfield code="z">Cesario, Ottavio</subfield>
  </datafield>
  <datafield tag="791" ind1="0" ind2="0">
    <subfield code="a">Fracassini,  Andrea</subfield>
    <subfield code="3">IT\ICCU\CNCT\003063</subfield>
    <subfield code="z">Bresciano, Andrea</subfield>
  </datafield>
  <datafield tag="791" ind1="0" ind2="0">
    <subfield code="a">Brixianus, Andreas</subfield>
    <subfield code="3">IT\ICCU\CNCT\004773</subfield>
    <subfield code="z">Bresciano, Andrea</subfield>
  </datafield>
  <datafield tag="801" ind1=" " ind2="3">
    <subfield code="a">IT</subfield>
    <subfield code="b">ICCU</subfield>
    <subfield code="c">20201113</subfield>
  </datafield>
  <datafield tag="899" ind1=" " ind2=" ">
    <subfield code="a">Biblioteca Marucelliana. Firenze</subfield>
    <subfield code="1">FI0101</subfield>
    <subfield code="2">CFI MF</subfield>
  </datafield>
  <datafield tag="899" ind1=" " ind2=" ">
    <subfield code="a">Biblioteca nazionale Vittorio Emanuele III. Napoli</subfield>
    <subfield code="1">NA0079</subfield>
    <subfield code="2">NAP BN</subfield>
  </datafield>
  <datafield tag="899" ind1=" " ind2=" ">
    <subfield code="a">Biblioteca comunale Augusta. Perugia</subfield>
    <subfield code="1">PG0109</subfield>
    <subfield code="2">UM1 01</subfield>
  </datafield>
  <datafield tag="911" ind1=" " ind2=" ">
    <subfield code="a">Sul front.</subfield>
    <subfield code="9">IT\ICCU\CNCM\000784</subfield>
  </datafield>
  <datafield tag="921" ind1=" " ind2=" ">
    <subfield code="a">IT\ICCU\CNCM\000784</subfield>
    <subfield code="b">Carit ̉(donna con bambino in braccio e altri due ai lati). In cornice ovale</subfield>
    <subfield code="e">Caritas domini manet in aeternum</subfield>
    <subfield code="c">V169</subfield>
    <subfield code="c">Z207</subfield>
    <subfield code="d">Dimensioni:6,9 x 8,9</subfield>
    <subfield code="f">CARITA&apos;</subfield>
    <subfield code="f">DONNA</subfield>
    <subfield code="f">BAMBINI</subfield>
    <subfield code="f">CARITASDOM</subfield>
    <subfield code="g">1549-1589</subfield>
  </datafield>
</record>
</collection>
